@MISC{PrologWiki,
	author = {wikipedia},
	title = {Prolog},
	year = {2014},
	month = Dec,
	howpublished="\url{http://en.wikipedia.org/wiki/Prolog/}",
	note="[Online; accessed 8-December-2014]"
}


@MISC{gprolog,
	author = {gprolog},
	title = {Prolog built-in predicates},
	year = {2014},
	month = Dec,
	howpublished="\url{http://www.gprolog.org/manual/html\_node/gprolog024.html}",
	note="[Online; accessed 8-December-2014]"
}


@online{swi,
	author = {swi-prolog},
	title = {SWI-Prolog documentation},
	date = {2014-12-2},
	url = {http://www.swi-prolog.org/},
}


@online{horn,
	author = {wikipedia},
	title = {horn clause},
	date = {2014-12-3},
	url = {http://en.wikipedia.org/wiki/Horn\_clause},
}

@online{amzi,
	author = {Amzi inc.},
	title = {Amzi prolog},
	date = {2014-12-3},
	url = {http://www.amzi.com/},
}


